<record><leader>00000cas a22000007a 4500</leader><controlfield tag="001">23302566</controlfield><controlfield tag="008">910327d18981925nhudn ne      0    0eng d</controlfield><datafield ind1=" " ind2=" " tag="010"><subfield code="a">sn 90062402 </subfield></datafield><datafield ind1=" " ind2=" " tag="040"><subfield code="a">NVH</subfield><subfield code="b">eng</subfield><subfield code="c">NVH</subfield><subfield code="d">OCLCQ</subfield></datafield><datafield ind1=" " ind2=" " tag="042"><subfield code="a">msc</subfield></datafield><datafield ind1="0" ind2=" " tag="130"><subfield code="a">Portsmouth herald (Portsmouth, N.H. : 1898)</subfield></datafield><datafield ind1="1" ind2="4" tag="245"><subfield code="a">The Portsmouth herald.</subfield></datafield><datafield ind1=" " ind2=" " tag="260"><subfield code="a">Portsmouth, N.H. :</subfield><subfield code="b">Herald Pub.</subfield></datafield><datafield ind1=" " ind2=" " tag="300"><subfield code="a">v.</subfield></datafield><datafield ind1=" " ind2=" " tag="310"><subfield code="a">Daily (except Sun. &amp; holidays)</subfield></datafield><datafield ind1="0" ind2=" " tag="362"><subfield code="a">Vol. 15, no. 4081 (Jan. 1, 1898)-v. 40, no. 209 (June 6, 1925).</subfield></datafield><datafield ind1=" " ind2=" " tag="752"><subfield code="a">United States</subfield><subfield code="b">New Hampshire</subfield><subfield code="c">Rockingham</subfield><subfield code="d">Portsmouth.</subfield></datafield><datafield ind1="0" ind2="0" tag="780"><subfield code="t">Penny post (Portsmouth, N.H.)</subfield><subfield code="w">(DLC)sn 90062630</subfield></datafield><datafield ind1="0" ind2="7" tag="785"><subfield code="t">Portsmouth times (Portsmouth, N.H.)</subfield><subfield code="w">(DLC)sn 91063031</subfield></datafield><datafield ind1="0" ind2="7" tag="785"><subfield code="t">Portsmouth herald and times</subfield><subfield code="w">(DLC)sn 90062403</subfield></datafield></record>